<?xml version='1.0' encoding='UTF-8'?>
<xbrli:xbrl xmlns:xbrli="http://www.xbrl.org/2003/instance" xmlns:xlink="http://www.w3.org/1999/xlink" xmlns:xbrll="http://www.xbrl.org/2003/linkbase" xmlns:xsi="http://www.w3.org/2001/XMLSchema-instance" xmlns:gl-cor="http://www.xbrl.org/int/gl/cor/2015-03-25" xmlns:gl-ext="https://xbrl.eesti.ee/gl/ext/2026-03-31" xmlns:iso639="http://www.xbrl.org/2005/iso639" xmlns:iso4217="http://www.xbrl.org/2003/iso4217" xmlns:gl-bus="http://www.xbrl.org/int/gl/bus/2015-03-25" xsi:schemaLocation="https://xbrl.eesti.ee/gl/plt/2026-03-31 https://xbrl.eesti.ee/gl/ext/2026-03-31/gl/plt/case-c-b-e/gl-plt-2026-03-31.xsd">
  <xbrll:schemaRef xlink:href="https://xbrl.eesti.ee/gl/ext/2026-03-31/gl/plt/case-c-b-e/gl-plt-2026-03-31.xsd" xlink:arcrole="http://www.w3.org/1999/xlink/properties/linkbase" xlink:type="simple"/>
  <xbrli:context id="now">
    <xbrli:entity>
      <xbrli:identifier scheme="ARIREGISTRIKOOD">10001234</xbrli:identifier>
    </xbrli:entity>
    <xbrli:period>
      <xbrli:instant>2027-02-08</xbrli:instant>
    </xbrli:period>
  </xbrli:context>
  <xbrli:unit id="EUR">
    <xbrli:measure>iso4217:EUR</xbrli:measure>
  </xbrli:unit>
  <xbrli:unit id="pureRef">
    <xbrli:measure>pure</xbrli:measure>
  </xbrli:unit>
  <xbrli:unit id="NotUsed">
    <xbrli:measure>pure</xbrli:measure>
  </xbrli:unit>
  <gl-cor:accountingEntries>
    <gl-cor:documentInfo>
      <gl-cor:entriesType contextRef="now">other</gl-cor:entriesType>
      <gl-cor:uniqueID contextRef="now">10001234-2027-02-08T09:36:51.554</gl-cor:uniqueID>
      <gl-cor:language contextRef="now">iso639:et</gl-cor:language>
      <gl-cor:creationDate contextRef="now">2027-02-08</gl-cor:creationDate>
      <gl-bus:creator contextRef="now">Testettevõte OÜ</gl-bus:creator>
      <gl-cor:entriesComment contextRef="now">Data on VAT-related transactions and acts to the Tax and Customs Board</gl-cor:entriesComment>
      <gl-cor:periodCoveredStart contextRef="now">2027-01-01</gl-cor:periodCoveredStart>
      <gl-cor:periodCoveredEnd contextRef="now">2027-01-31</gl-cor:periodCoveredEnd>
      <gl-ext:periodExtraIdentifier contextRef="now">PANKROTIPERIOOD</gl-ext:periodExtraIdentifier>
      <gl-bus:sourceApplication contextRef="now">Raamatupidamistarkvara Test</gl-bus:sourceApplication>
    </gl-cor:documentInfo>
    <gl-cor:entityInformation>
      <gl-bus:organizationIdentifiers>
        <gl-bus:organizationIdentifier contextRef="now">10001234</gl-bus:organizationIdentifier>
        <gl-bus:organizationDescription contextRef="now">ARIREGISTRIKOOD</gl-bus:organizationDescription>
      </gl-bus:organizationIdentifiers>
    </gl-cor:entityInformation>
    <gl-cor:entryHeader>
      <gl-cor:entryNumber contextRef="now">EE0203001</gl-cor:entryNumber>
      <gl-ext:entryVersion contextRef="now">1.0</gl-ext:entryVersion>
      <gl-ext:entrySourceId contextRef="now">ERP-01</gl-ext:entrySourceId>
      <gl-ext:entrySourceCount contextRef="now">2</gl-ext:entrySourceCount>
      <gl-cor:entryDetail>
        <gl-cor:lineNumberCounter contextRef="now" unitRef="NotUsed">1</gl-cor:lineNumberCounter>
        <gl-cor:account>
          <gl-cor:accountSub>
            <gl-cor:accountSubID contextRef="now">M_101</gl-cor:accountSubID>
            <gl-cor:accountSubType contextRef="now">KMDTYYP2026ap</gl-cor:accountSubType>
          </gl-cor:accountSub>
        </gl-cor:account>
        <gl-cor:amount contextRef="now" decimals="2" unitRef="EUR">2400</gl-cor:amount>
        <gl-cor:identifierReference>
          <gl-cor:identifierCode contextRef="now">11111111</gl-cor:identifierCode>
          <gl-cor:identifierDescription contextRef="now">ARIREGISTRIKOOD</gl-cor:identifierDescription>
          <gl-cor:identifierCategory contextRef="now">100</gl-cor:identifierCategory>
        </gl-cor:identifierReference>
        <gl-cor:documentNumber contextRef="now">MA10001</gl-cor:documentNumber>
        <gl-cor:documentDate contextRef="now">2027-01-01</gl-cor:documentDate>
        <gl-bus:measurable>
          <gl-bus:measurableID contextRef="now">ARVE_KOGUSUMMA</gl-bus:measurableID>
          <gl-bus:measurableIDSchema contextRef="now">MEASURABLEQUANTITY_enum</gl-bus:measurableIDSchema>
          <gl-bus:measurableQuantity contextRef="now" decimals="2" unitRef="EUR">2400</gl-bus:measurableQuantity>
        </gl-bus:measurable>
        <gl-cor:taxes>
          <gl-cor:taxPercentageRate contextRef="now" decimals="3" unitRef="pureRef">0.24</gl-cor:taxPercentageRate>
        </gl-cor:taxes>
      </gl-cor:entryDetail>
      <gl-cor:entryDetail>
        <gl-cor:lineNumberCounter contextRef="now" unitRef="NotUsed">2</gl-cor:lineNumberCounter>
        <gl-cor:account>
          <gl-cor:accountSub>
            <gl-cor:accountSubID contextRef="now">M_101</gl-cor:accountSubID>
            <gl-cor:accountSubType contextRef="now">KMDTYYP2026ap</gl-cor:accountSubType>
          </gl-cor:accountSub>
        </gl-cor:account>
        <gl-cor:amount contextRef="now" decimals="2" unitRef="EUR">2500</gl-cor:amount>
        <gl-cor:identifierReference>
          <gl-cor:identifierCode contextRef="now">11111114</gl-cor:identifierCode>
          <gl-cor:identifierDescription contextRef="now">ARIREGISTRIKOOD</gl-cor:identifierDescription>
          <gl-cor:identifierCategory contextRef="now">100</gl-cor:identifierCategory>
        </gl-cor:identifierReference>
        <gl-cor:documentApplyToNumber contextRef="now">EA10001</gl-cor:documentApplyToNumber>
        <gl-cor:documentDate contextRef="now">2027-01-02</gl-cor:documentDate>
        <gl-bus:measurable>
          <gl-bus:measurableID contextRef="now">ARVE_KOGUSUMMA</gl-bus:measurableID>
          <gl-bus:measurableIDSchema contextRef="now">MEASURABLEQUANTITY_enum</gl-bus:measurableIDSchema>
          <gl-bus:measurableQuantity contextRef="now" decimals="2" unitRef="EUR">3000</gl-bus:measurableQuantity>
        </gl-bus:measurable>
        <gl-cor:taxes>
          <gl-cor:taxPercentageRate contextRef="now" decimals="3" unitRef="pureRef">0.24</gl-cor:taxPercentageRate>
        </gl-cor:taxes>
      </gl-cor:entryDetail>
      <gl-cor:entryDetail>
        <gl-cor:lineNumberCounter contextRef="now" unitRef="NotUsed">3</gl-cor:lineNumberCounter>
        <gl-cor:account>
          <gl-cor:accountSub>
            <gl-cor:accountSubID contextRef="now">M_101</gl-cor:accountSubID>
            <gl-cor:accountSubType contextRef="now">KMDTYYP2026ap</gl-cor:accountSubType>
          </gl-cor:accountSub>
        </gl-cor:account>
        <gl-cor:amount contextRef="now" decimals="2" unitRef="EUR">1000</gl-cor:amount>
        <gl-cor:identifierReference>
          <gl-cor:identifierCategory contextRef="now">200</gl-cor:identifierCategory>
        </gl-cor:identifierReference>
        <gl-cor:taxes>
          <gl-cor:taxPercentageRate contextRef="now" decimals="3" unitRef="pureRef">0.24</gl-cor:taxPercentageRate>
        </gl-cor:taxes>
      </gl-cor:entryDetail>
      <gl-cor:entryDetail>
        <gl-cor:lineNumberCounter contextRef="now" unitRef="NotUsed">4</gl-cor:lineNumberCounter>
        <gl-cor:account>
          <gl-cor:accountSub>
            <gl-cor:accountSubID contextRef="now">M_101</gl-cor:accountSubID>
            <gl-cor:accountSubType contextRef="now">KMDTYYP2026ap</gl-cor:accountSubType>
          </gl-cor:accountSub>
        </gl-cor:account>
        <gl-cor:amount contextRef="now" decimals="2" unitRef="EUR">175</gl-cor:amount>
        <gl-cor:identifierReference>
          <gl-cor:identifierCategory contextRef="now">103</gl-cor:identifierCategory>
        </gl-cor:identifierReference>
        <gl-cor:taxes>
          <gl-cor:taxPercentageRate contextRef="now" decimals="3" unitRef="pureRef">0.24</gl-cor:taxPercentageRate>
        </gl-cor:taxes>
      </gl-cor:entryDetail>
      <gl-cor:entryDetail>
        <gl-cor:lineNumberCounter contextRef="now" unitRef="NotUsed">5</gl-cor:lineNumberCounter>
        <gl-cor:account>
          <gl-cor:accountSub>
            <gl-cor:accountSubID contextRef="now">M_201</gl-cor:accountSubID>
            <gl-cor:accountSubType contextRef="now">KMDTYYP2026ap</gl-cor:accountSubType>
          </gl-cor:accountSub>
          <gl-cor:accountSub>
            <gl-cor:accountSubID contextRef="now">FI</gl-cor:accountSubID>
            <gl-cor:accountSubType contextRef="now">RTK2T2013ap</gl-cor:accountSubType>
            <gl-cor:segmentParentTuple>
              <gl-cor:parentSubaccountCode contextRef="now">RR_OSTJA</gl-cor:parentSubaccountCode>
              <gl-cor:parentSubaccountType contextRef="now">RIIGIROLL2022ap</gl-cor:parentSubaccountType>
            </gl-cor:segmentParentTuple>
          </gl-cor:accountSub>
        </gl-cor:account>
        <gl-cor:amount contextRef="now" decimals="2" unitRef="EUR">1200</gl-cor:amount>
        <gl-cor:identifierReference>
          <gl-cor:identifierCode contextRef="now">FI08611111</gl-cor:identifierCode>
          <gl-cor:identifierDescription contextRef="now">KMKR_NUMBER</gl-cor:identifierDescription>
          <gl-cor:identifierCategory contextRef="now">100</gl-cor:identifierCategory>
        </gl-cor:identifierReference>
        <gl-cor:taxes>
          <gl-cor:taxPercentageRate contextRef="now" decimals="3" unitRef="pureRef">0.00</gl-cor:taxPercentageRate>
        </gl-cor:taxes>
      </gl-cor:entryDetail>
      <gl-cor:entryDetail>
        <gl-cor:lineNumberCounter contextRef="now" unitRef="NotUsed">6</gl-cor:lineNumberCounter>
        <gl-cor:account>
          <gl-cor:accountSub>
            <gl-cor:accountSubID contextRef="now">M_301</gl-cor:accountSubID>
            <gl-cor:accountSubType contextRef="now">KMDTYYP2026ap</gl-cor:accountSubType>
          </gl-cor:accountSub>
        </gl-cor:account>
        <gl-cor:amount contextRef="now" decimals="2" unitRef="EUR">875</gl-cor:amount>
      </gl-cor:entryDetail>
      <gl-cor:entryDetail>
        <gl-cor:lineNumberCounter contextRef="now" unitRef="NotUsed">7</gl-cor:lineNumberCounter>
        <gl-cor:account>
          <gl-cor:accountSub>
            <gl-cor:accountSubID contextRef="now">M_101</gl-cor:accountSubID>
            <gl-cor:accountSubType contextRef="now">KMDTYYP2026ap</gl-cor:accountSubType>
          </gl-cor:accountSub>
        </gl-cor:account>
        <gl-cor:amount contextRef="now" decimals="2" unitRef="EUR">-1000</gl-cor:amount>
        <gl-cor:identifierReference>
          <gl-cor:identifierCode contextRef="now">11111131</gl-cor:identifierCode>
          <gl-cor:identifierDescription contextRef="now">ARIREGISTRIKOOD</gl-cor:identifierDescription>
          <gl-cor:identifierCategory contextRef="now">100</gl-cor:identifierCategory>
        </gl-cor:identifierReference>
        <gl-cor:documentNumber contextRef="now">KR0001</gl-cor:documentNumber>
        <gl-cor:documentDate contextRef="now">2027-01-31</gl-cor:documentDate>
        <gl-bus:measurable>
          <gl-bus:measurableID contextRef="now">ARVE_KOGUSUMMA</gl-bus:measurableID>
          <gl-bus:measurableIDSchema contextRef="now">MEASURABLEQUANTITY_enum</gl-bus:measurableIDSchema>
          <gl-bus:measurableQuantity contextRef="now" decimals="2" unitRef="EUR">-1000</gl-bus:measurableQuantity>
        </gl-bus:measurable>
        <gl-bus:measurable>
          <gl-bus:measurableID contextRef="now">ALGSE_ARVE_KP</gl-bus:measurableID>
          <gl-bus:measurableIDSchema contextRef="now">SYNDMUS2017ap</gl-bus:measurableIDSchema>
          <gl-bus:measurableStartDateTime contextRef="now">2025-09-27</gl-bus:measurableStartDateTime>
        </gl-bus:measurable>
        <gl-bus:measurable>
          <gl-bus:measurableID contextRef="now">ALGSE_ARVE_KP</gl-bus:measurableID>
          <gl-bus:measurableIDSchema contextRef="now">SYNDMUS2017ap</gl-bus:measurableIDSchema>
          <gl-bus:measurableStartDateTime contextRef="now">2025-10-15</gl-bus:measurableStartDateTime>
        </gl-bus:measurable>
        <gl-cor:taxes>
          <gl-cor:taxPercentageRate contextRef="now" decimals="3" unitRef="pureRef">0.24</gl-cor:taxPercentageRate>
        </gl-cor:taxes>
      </gl-cor:entryDetail>
      <gl-cor:entryDetail>
        <gl-cor:lineNumberCounter contextRef="now" unitRef="NotUsed">8</gl-cor:lineNumberCounter>
        <gl-cor:account>
          <gl-cor:accountSub>
            <gl-cor:accountSubID contextRef="now">S_101</gl-cor:accountSubID>
            <gl-cor:accountSubType contextRef="now">KMDTYYP2026ap</gl-cor:accountSubType>
          </gl-cor:accountSub>
        </gl-cor:account>
        <gl-cor:amount contextRef="now" decimals="2" unitRef="EUR">2500</gl-cor:amount>
        <gl-cor:taxes>
          <gl-cor:taxPercentageRate contextRef="now" decimals="3" unitRef="pureRef">0.24</gl-cor:taxPercentageRate>
        </gl-cor:taxes>
      </gl-cor:entryDetail>
      <gl-cor:entryDetail>
        <gl-cor:lineNumberCounter contextRef="now" unitRef="NotUsed">9</gl-cor:lineNumberCounter>
        <gl-cor:account>
          <gl-cor:accountSub>
            <gl-cor:accountSubID contextRef="now">O_101</gl-cor:accountSubID>
            <gl-cor:accountSubType contextRef="now">KMDTYYP2026ap</gl-cor:accountSubType>
          </gl-cor:accountSub>
        </gl-cor:account>
        <gl-cor:amount contextRef="now" decimals="2" unitRef="EUR">240</gl-cor:amount>
        <gl-cor:identifierReference>
          <gl-cor:identifierCode contextRef="now">13000001</gl-cor:identifierCode>
          <gl-cor:identifierDescription contextRef="now">ARIREGISTRIKOOD</gl-cor:identifierDescription>
          <gl-cor:identifierCategory contextRef="now">100</gl-cor:identifierCategory>
        </gl-cor:identifierReference>
        <gl-cor:documentNumber contextRef="now">OA27001</gl-cor:documentNumber>
        <gl-cor:documentDate contextRef="now">2027-01-05</gl-cor:documentDate>
        <gl-bus:measurable>
          <gl-bus:measurableID contextRef="now">ARVE_KOGUSUMMA</gl-bus:measurableID>
          <gl-bus:measurableIDSchema contextRef="now">MEASURABLEQUANTITY_enum</gl-bus:measurableIDSchema>
          <gl-bus:measurableQuantity contextRef="now" decimals="2" unitRef="EUR">1000</gl-bus:measurableQuantity>
        </gl-bus:measurable>
        <gl-cor:taxes>
          <gl-cor:taxPercentageRate contextRef="now" decimals="3" unitRef="pureRef">0.24</gl-cor:taxPercentageRate>
        </gl-cor:taxes>
      </gl-cor:entryDetail>
      <gl-cor:entryDetail>
        <gl-cor:lineNumberCounter contextRef="now" unitRef="NotUsed">10</gl-cor:lineNumberCounter>
        <gl-cor:account>
          <gl-cor:accountSub>
            <gl-cor:accountSubID contextRef="now">O_601</gl-cor:accountSubID>
            <gl-cor:accountSubType contextRef="now">KMDTYYP2026ap</gl-cor:accountSubType>
          </gl-cor:accountSub>
        </gl-cor:account>
        <gl-cor:amount contextRef="now" decimals="2" unitRef="EUR">-240</gl-cor:amount>
        <gl-cor:taxes>
          <gl-cor:taxPercentageRate contextRef="now" decimals="3" unitRef="pureRef">0.24</gl-cor:taxPercentageRate>
        </gl-cor:taxes>
      </gl-cor:entryDetail>
    </gl-cor:entryHeader>
  </gl-cor:accountingEntries>
</xbrli:xbrl>
